@book{AB09,
  title     = {Computational Complexity -- A Modern Approach},
  author    = {S. Arora and B. Barak},
  publisher = {Cambridge University Press},
  year      = 2009
}

@booklet{SkriptThI,
  title     = {Theoretische Informatik 1 + 2},
  author    = {T. Schneider},
  howpublished = {Vorlesungsskript},
  note      = {siehe Stud.IP},
  year      = 2019
}

@book{EF99,
  title     = {Finite Model Theory},
  author    = {{H.-D.} Ebbinghaus and J. Flum},
  publisher = {Springer},
  year      = 1999
}

@book{Imm99,
  title     = {Descriptive Complexity},
  author    = {Neil Immerman},
  publisher = {Springer},
  year      = 1999
}

@booklet{SkriptGraedel,
  title     = {Mathematische Logik},
  author    = {E. Gr{\"a}del},
  howpublished = {Vorlesungsskript, RWTH Aachen},
  note      = {\url{https://tinyurl.com/sose19-logik-graedel}},
  year      = 2019
}

